:20:EDjUhHmHiJ
:25:270949080011
:28:00342
:60F:C221208MXN10003,37
:61:221208CN1013009,75NIAM270949080045010//EDjUhHmHiJ000001
:86:251?00Inversion Mesa Dinero?20/EI/NONREF
:61:221208CN267,32NIAM270949080045010//EDjUhHmHiJ000002
:86:252?00Intereses Mesa Dinero?20/EI/NONREF
:61:221208DN2,22NIAM270949080045010//EDjUhHmHiJ000003
:86:253?00ISR Mesa Dinero?20/EI/NONREF
:61:221208DN1013278,22NCAI270949080053002//DDjd5JljWD000001
:86:076?00Apertura de Inversion?20/EI/NONREF
:62F:C221208MXN10000,00
:64:C221208MXN10000,00
-