:20:EDgvuRO9tn
:25:270949080011
:28:00334
:60F:C221130MXN10005,25
:61:221130CN1010898,62NIAM270949080045004//EDgvuRO9tn000001
:86:251?00Inversion Mesa Dinero?20/EI/NONREF
:61:221130CN266,76NIAM270949080045004//EDgvuRO9tn000002
:86:252?00Intereses Mesa Dinero?20/EI/NONREF
:61:221130DN2,22NIAM270949080045004//EDgvuRO9tn000003
:86:253?00ISR Mesa Dinero?20/EI/NONREF
:61:221130DN1011168,41NCAI270949080053001//0145632734000001
:86:076?00Apertura de Inversion?20/EI/NONREF
:62F:C221130MXN10000,00
:64:C221130MXN10000,00
-