:20:DDjuOhcRda
:25:270949080011
:28:00344
:60F:C221209MXN10000,00
:61:221209CN1013278,22NCAI270949080053002//DDjuN91d2c000001
:86:076?00Pago Cap. de Inversión?20/EI/NONREF
:61:221209CN84,44NARE270949080053002//DDjuN91d2c000002
:86:077?00Pago Intereses de Inv.?20/EI/NONREF
:61:221209DN2,22NARE270949080053002//DDjuN91d2c000003
:86:078?00Ret. ISR de Inversion?20/EI/NONREF
:61:221209DN1013360,44NIAM270949080045011//DDjuOhcRda000001
:86:251?00Inversión Mesa de Dinero?20/EI/NONREF
:61:221209CN6,00NIAM270949080045011//0147502678000001
:86:251?00Inversion Mesa Dinero?20/EI/NONREF
:62F:C221210MXN10006,00
:64:C221210MXN10006,00
-