:20:DDhKI9r1fl
:25:270949080011
:28:00335
:60F:C221201MXN10000,00
:61:221201CN1011168,41NCAI270949080053001//DDhID62dI1000001
:86:076?00Pago Cap. de Inversión?20/EI/NONREF
:61:221201CN266,84NARE270949080053001//DDhID62dI1000002
:86:077?00Pago Intereses de Inv.?20/EI/NONREF
:61:221201DN2,22NARE270949080053001//DDhID62dI1000003
:86:078?00Ret. ISR de Inversion?20/EI/NONREF
:61:221201DN1011433,00NIAM270949080045006//DDhKI9r1fl000001
:86:251?00Inversión Mesa de Dinero?20/EI/NONREF
:61:221201CN472,66NIAM270949080045006//0145853416000001
:86:251?00Inversion Mesa Dinero?20/EI/NONREF
:62F:C221201MXN10472,69
:64:C221201MXN10472,69
-